@book{kurose,
author = {James F. Kurose e Keith W. Ross},
title ={Redes de Computadores e a Internet: uma abordagem top-down},
publisher = {Pearson},
year ={2012}
}